@conference{liuxf2006,
  author = {Liu, X F and Wang, Bing Zhong and Shao, Wei and Wen Wang},
  title = {A marching-on-in-order scheme for exact attenuation constant extraction of lossy transmission lines},
  year = {2006},
  pages = {527-529},
  address = {Chengdu},
  booktitle = {China-Japan Joint Microwave Conference Proceedings}
}

@patent{nanjing2023faultdetection,
  author = {南京大学 and 南京智谷人工智能研究院有限公司},
  title = {一种适用于长尾带噪分布数据的故障检测方法},
  date = {2023年2月3日},
  type = {发明专利},
  country = {中国},
  id = {CN202211435489.6}
}
@article{吴亮2023基于多级学习的长尾分布下交通多目标检测,
  title={基于多级学习的长尾分布下交通多目标检测},
  author={吴亮 and 梁振 and 张燚鑫 and 王子磊},
  journal={计算机与数字工程},
  volume={51},
  number={3},
  pages={599--605},
  year={2023}
}
@patent{cumm2023faultdiagnosis,
  author = {中国矿业大学},
  title = {一种面向长尾分布数据的工业过程故障诊断方法},
  date = {2023年6月2日},
  type = {发明专利},
  country = {中国},
  id = {CN202310182227.1}
}
@article{zhang2021federated,
  title={Federated learning for machinery fault diagnosis with dynamic validation and self-supervision},
  author={Zhang, Wei and Li, Xiang and Ma, Hui and Luo, Zhong and Li, Xu},
  journal={Knowledge-Based Systems},
  volume={213},
  pages={106679},
  year={2021},
  publisher={Elsevier}
}
@article{kingma2013auto,
  title={Auto-encoding variational bayes},
  author={Kingma, Diederik P},
  journal={arXiv preprint arXiv:1312.6114},
  year={2013}
}
@article{goodfellow2020generative,
  title={Generative adversarial networks},
  author={Goodfellow, Ian and Pouget-Abadie, Jean and Mirza, Mehdi and Xu, Bing and Warde-Farley, David and Ozair, Sherjil and Courville, Aaron and Bengio, Yoshua},
  journal={Communications of the ACM},
  volume={63},
  number={11},
  pages={139--144},
  year={2020},
  publisher={ACM New York, NY, USA}
}

@inproceedings{cui2019class,
  title={Class-balanced loss based on effective number of samples},
  author={Cui, Yin and Jia, Menglin and Lin, Tsung-Yi and Song, Yang and Belongie, Serge},
  booktitle={Proceedings of the IEEE/CVF conference on computer vision and pattern recognition},
  pages={9268--9277},
  year={2019}
}
@article{yang2020rethinking,
  title={Rethinking the value of labels for improving class-imbalanced learning},
  author={Yang, Yuzhe and Xu, Zhi},
  journal={Advances in neural information processing systems},
  volume={33},
  pages={19290--19301},
  year={2020}
}
@inproceedings{wang2023margin,
  title={Margin calibration for long-tailed visual recognition},
  author={Wang, Yidong and Zhang, Bowen and Hou, Wenxin and Wu, Zhen and Wang, Jindong and Shinozaki, Takahiro},
  booktitle={Asian Conference on Machine Learning},
  pages={1101--1116},
  year={2023},
  organization={PMLR}
}

@article{shen2016near,
  title={Near-miss information visualization tool in BIM for construction safety},
  author={Shen, Xu and Marks, Eric},
  journal={Journal of construction engineering and management},
  volume={142},
  number={4},
  pages={04015100},
  year={2016},
  publisher={American Society of Civil Engineers}
}

@article{wilson1972asymptotic,
  title={Asymptotic properties of nearest neighbor rules using edited data},
  author={Wilson, Dennis L},
  journal={IEEE Transactions on Systems, Man, and Cybernetics},
  number={3},
  pages={408--421},
  year={1972},
  publisher={IEEE}
}

@article{chawla2002smote,
  title={SMOTE: synthetic minority over-sampling technique},
  author={Chawla, Nitesh V and Bowyer, Kevin W and Hall, Lawrence O and Kegelmeyer, W Philip},
  journal={Journal of artificial intelligence research},
  volume={16},
  pages={321--357},
  year={2002}
}

@inproceedings{huang2016learning,
  title={Learning deep representation for imbalanced classification},
  author={Huang, Chen and Li, Yining and Loy, Chen Change and Tang, Xiaoou},
  booktitle={Proceedings of the IEEE conference on computer vision and pattern recognition},
  pages={5375--5384},
  year={2016}
}
@article{lin2017focal,
  title={Focal Loss for Dense Object Detection},
  author={Lin, T},
  journal={arXiv preprint arXiv:1708.02002},
  year={2017}
}

@inproceedings{liu2020deep,
  title={Deep representation learning on long-tailed data: A learnable embedding augmentation perspective},
  author={Liu, Jialun and Sun, Yifan and Han, Chuchu and Dou, Zhaopeng and Li, Wenhui},
  booktitle={Proceedings of the IEEE/CVF conference on computer vision and pattern recognition},
  pages={2970--2979},
  year={2020}
}

@article{yang2020rethinking,
  title={Rethinking the value of labels for improving class-imbalanced learning},
  author={Yang, Yuzhe and Xu, Zhi},
  journal={Advances in neural information processing systems},
  volume={33},
  pages={19290--19301},
  year={2020}
}

@article{wu2023personalized,
  author    = {吴磊 and 韩华 and 黄丽 and 等},
  title     = {面向长尾图像的个性化专家识别算法},
  journal   = {电光与控制},
  year      = {2023},
  volume    = {30},
  number    = {11},
  pages     = {62--66},
}
@article{吴亮2023基于多级学习的长尾分布下交通多目标检测,
  title={基于多级学习的长尾分布下交通多目标检测},
  author={吴亮 and 梁振 and 张燚鑫 and 王子磊},
  journal={计算机与数字工程},
  volume={51},
  number={3},
  pages={599--605},
  year={2023}
}

@inproceedings{wang2023margin,
  title={Margin calibration for long-tailed visual recognition},
  author={Wang, Yidong and Zhang, Bowen and Hou, Wenxin and Wu, Zhen and Wang, Jindong and Shinozaki, Takahiro},
  booktitle={Asian Conference on Machine Learning},
  pages={1101--1116},
  year={2023},
  organization={PMLR}
}

@inproceedings{doersch2015unsupervised,
  title={Unsupervised visual representation learning by context prediction},
  author={Doersch, Carl and Gupta, Abhinav and Efros, Alexei A},
  booktitle={Proceedings of the IEEE international conference on computer vision},
  pages={1422--1430},
  year={2015}
}

@inproceedings{zhang2016colorful,
  title={Colorful image colorization},
  author={Zhang, Richard and Isola, Phillip and Efros, Alexei A},
  booktitle={Computer Vision--ECCV 2016: 14th European Conference, Amsterdam, The Netherlands, October 11-14, 2016, Proceedings, Part III 14},
  pages={649--666},
  year={2016},
  organization={Springer}
}

@article{gidaris2018unsupervised,
  title={Unsupervised representation learning by predicting image rotations},
  author={Gidaris, Spyros and Singh, Praveer and Komodakis, Nikos},
  journal={arXiv preprint arXiv:1803.07728},
  year={2018}
}

@article{zhang2022prior,
  title={Prior knowledge-augmented self-supervised feature learning for few-shot intelligent fault diagnosis of machines},
  author={Zhang, Tianci and Chen, Jinglong and He, Shuilong and Zhou, Zitong},
  journal={IEEE Transactions on Industrial Electronics},
  volume={69},
  number={10},
  pages={10573--10584},
  year={2022},
  publisher={IEEE}
}

@article{senanayaka2020toward,
  title={Toward self-supervised feature learning for online diagnosis of multiple faults in electric powertrains},
  author={Senanayaka, Jagath Sri Lal and Van Khang, Huynh and Robbersmyr, Kjell G},
  journal={IEEE Transactions on Industrial Informatics},
  volume={17},
  number={6},
  pages={3772--3781},
  year={2020},
  publisher={IEEE}
}

@article{zhang2021federated,
  title={Federated learning for machinery fault diagnosis with dynamic validation and self-supervision},
  author={Zhang, Wei and Li, Xiang and Ma, Hui and Luo, Zhong and Li, Xu},
  journal={Knowledge-Based Systems},
  volume={213},
  pages={106679},
  year={2021},
  publisher={Elsevier}
}

@InProceedings{He_2020_CVPR,
author = {He, Kaiming and Fan, Haoqi and Wu, Yuxin and Xie, Saining and Girshick, Ross},
title = {Momentum Contrast for Unsupervised Visual Representation Learning},
booktitle = {Proceedings of the IEEE/CVF Conference on Computer Vision and Pattern Recognition (CVPR)},
month = {June},
year = {2020}
}

@inproceedings{chen2020simple,
  title={A simple framework for contrastive learning of visual representations},
  author={Chen, Ting and Kornblith, Simon and Norouzi, Mohammad and Hinton, Geoffrey},
  booktitle={International conference on machine learning},
  pages={1597--1607},
  year={2020},
  organization={PMLR}
}

@article{grill2020bootstrap,
  title={Bootstrap your own latent-a new approach to self-supervised learning},
  author={Grill, Jean-Bastien and Strub, Florian and Altch{\'e}, Florent and Tallec, Corentin and Richemond, Pierre and Buchatskaya, Elena and Doersch, Carl and Avila Pires, Bernardo and Guo, Zhaohan and Gheshlaghi Azar, Mohammad and others},
  journal={Advances in neural information processing systems},
  volume={33},
  pages={21271--21284},
  year={2020}
}

@article{caron2020unsupervised,
  title={Unsupervised learning of visual features by contrasting cluster assignments},
  author={Caron, Mathilde and Misra, Ishan and Mairal, Julien and Goyal, Priya and Bojanowski, Piotr and Joulin, Armand},
  journal={Advances in neural information processing systems},
  volume={33},
  pages={9912--9924},
  year={2020}
}

@inproceedings{he2022masked,
  title={Masked autoencoders are scalable vision learners},
  author={He, Kaiming and Chen, Xinlei and Xie, Saining and Li, Yanghao and Doll{\'a}r, Piotr and Girshick, Ross},
  booktitle={Proceedings of the IEEE/CVF conference on computer vision and pattern recognition},
  pages={16000--16009},
  year={2022}
}

@inproceedings{chen2021exploring,
  title={Exploring simple siamese representation learning},
  author={Chen, Xinlei and He, Kaiming},
  booktitle={Proceedings of the IEEE/CVF conference on computer vision and pattern recognition},
  pages={15750--15758},
  year={2021}
}

@inproceedings{he2016deep,
  title={Deep residual learning for image recognition},
  author={He, Kaiming and Zhang, Xiangyu and Ren, Shaoqing and Sun, Jian},
  booktitle={Proceedings of the IEEE conference on computer vision and pattern recognition},
  pages={770--778},
  year={2016}
}

@article{ioffe2015batch,
  title={Batch normalization: Accelerating deep network training by reducing internal covariate shift},
  author={Ioffe, Sergey},
  journal={arXiv preprint arXiv:1502.03167},
  year={2015}
}

@article{you2017large,
  title={Large batch training of convolutional networks},
  author={You, Yang and Gitman, Igor and Ginsburg, Boris},
  journal={arXiv preprint arXiv:1708.03888},
  year={2017}
}